@inproceedings{pande_crop_2021,
	address = {Erode, India},
	title = {Crop {Recommender} {System} {Using} {Machine} {Learning} {Approach}},
	copyright = {https://ieeexplore.ieee.org/Xplorehelp/downloads/license-information/IEEE.html},
	isbn = {978-1-66540-360-3},
	url = {https://ieeexplore.ieee.org/document/9418351/},
	doi = {10.1109/ICCMC51019.2021.9418351},
	urldate = {2024-05-13},
	booktitle = {2021 5th {International} {Conference} on {Computing} {Methodologies} and {Communication} ({ICCMC})},
	publisher = {IEEE},
	author = {Pande, Shilpa Mangesh and Ramesh, Prem Kumar and Anmol, Anmol and Aishwarya, B. R and Rohilla, Karuna and Shaurya, Kumar},
	month = apr,
	year = {2021},
	pages = {1066--1071},
}
